@book{Roman2007Advanced,
	note = {[Online; accessed 2023-11-17]},
	author = {Roman, Steven},
	edition = {3},
	year = {2007},
	month = {dec 31},
	publisher = {Springer Science & Business Media},
	title = {Advanced {Linear} {Algebra}},
}
@book{Brezis2010Functional,
	note = {[Online; accessed 2023-11-17]},
	annote = {English Translation},
	author = {Brezis, Haim},
	edition = {1},
	year = {2010},
	month = {nov 10},
	publisher = {Springer Science & Business Media},
	title = {Functional {Analysis}, {Sobolev} {Spaces} and {Partial} {Differential} {Equations}},
}
@book{Lee2013Introduction,
	note = {[Online; accessed 2023-11-17]},
	author = {Lee, John M.},
	edition = {2},
	year = {2013},
	month = {mar 9},
	publisher = {Springer Science & Business Media},
	title = {Introduction to {Smooth} {Manifolds}},
}
@book{Lee2019Introduction,
	note = {[Online; accessed 2023-11-17]},
	author = {Lee, John M.},
	edition = {2},
	year = {2019},
	month = {jan 2},
	publisher = {Springer},
	title = {Introduction to {Riemannian} {Manifolds}},
}
@book{Lang2012Real,
	note = {[Online; accessed 2023-11-17]},
	author = {Lang, Serge},
	year = {2012},
	month = {dec 6},
	publisher = {Springer Science & Business Media},
	title = {Real and {Functional} {Analysis}},
}
@book{Lang2012Fundamentals,
	note = {[Online; accessed 2023-11-17]},
	author = {Lang, Serge},
	year = {2012},
	month = {dec 6},
	publisher = {Springer Science & Business Media},
	title = {Fundamentals of {Differential} {Geometry}},
}
@book{Hofer2012Symplectic,
	note = {[Online; accessed 2023-11-17]},
	author = {Hofer, Helmut and Zehnder, Eduard},
	year = {2012},
	month = {dec 6},
	publisher = {Birkh{\" a}user},
	title = {Symplectic {Invariants} and {Hamiltonian} {Dynamics}},
}
@book{Folland2013Real,
	note = {[Online; accessed 2023-11-17]},
	author = {Folland, Gerald B.},
	year = {2013},
	month = {jun 11},
	publisher = {John Wiley & Sons},
	title = {Real {Analysis}: Modern {Techniques} and {Their} {Applications}},
}
@book{Schwartz2008Mathematics,
	note = {[Online; accessed 2023-11-17]},
	author = {Schwartz, Laurent},
	year = {2008},
	month = {apr 21},
	publisher = {Courier Dover Publications},
	title = {Mathematics for the {Physical} {Sciences}},
}

